@inproceedings{de2012systems,
  title={Systems for detecting advanced persistent threats: A development roadmap using intelligent data analysis},
  author={de Vries, Johannes and Hoogstraaten, Hans and van den Berg, Jan and Daskapan, Semir},
  booktitle={Cyber Security (CyberSecurity), 2012 International Conference on},
  pages={54--61},
  year={2012},
  organization={IEEE}
}

@incollection{jeun2012practical,
  title={A practical study on advanced persistent threats},
  author={Jeun, Inkyung and Lee, Youngsook and Won, Dongho},
  booktitle={Computer applications for security, control and system engineering},
  pages={144--152},
  year={2012},
  publisher={Springer}
}

@article{ghafir2014advanced,
  title={Advanced persistent threat attack detection: an overview},
  author={Ghafir, Ibrahim and Prenosil, Vaclav},
  journal={Int J Adv Comput Netw Secur},
  volume={4},
  number={4},
  pages={5054},
  year={2014}
}

@misc{bennett2011differential,
  title={Differential threat detection processing},
  author={Bennett, Jeremy},
  year={2011},
  month=may # "~3",
  publisher={Google Patents},
  note={US Patent 7,937,761}
}

@article{kim2013detection,
  title={Detection of advanced persistent threat by analyzing the big data log},
  author={Kim, Jisang and Lee, Taejin and Kim, Hyung-guen and Park, Haeryong},
  journal={Advanced Science and Technology Letters},
  volume={29},
  pages={30--36},
  year={2013}
}

@misc{elrod2012network,
  title={Network threat detection and mitigation},
  author={Elrod, Craig T and Kashyap, Prakash},
  year={2012},
  month=aug # "~28",
  publisher={Google Patents},
  note={US Patent 8,255,996}
}

@misc{balupari2014system,
  title={System and method for detecting a malicious command and control channel},
  author={Balupari, Ravindra and Mahadik, Vinay and Madhusudan, Bharath and Shah, Chintan H},
  year={2014},
  month=mar # "~18",
  publisher={Google Patents},
  note={US Patent 8,677,487}
}

@inproceedings{kuwatly2004dynamic,
  title={A dynamic honeypot design for intrusion detection},
  author={Kuwatly, Iyad and Sraj, Malek and Al Masri, Zaid and Artail, Hassan},
  booktitle={Pervasive Services, 2004. ICPS 2004. Proceedings. The IEEE/ACS International Conference on},
  pages={95--104},
  year={2004},
  organization={IEEE}
}

@article{kabiri2005research,
  title={Research on intrusion detection and response: A survey.},
  author={Kabiri, Peyman and Ghorbani, Ali A},
  journal={IJ Network Security},
  volume={1},
  number={2},
  pages={84--102},
  year={2005}
}

@inproceedings{hecker2006dynamic,
  title={Dynamic honeypot construction},
  author={Hecker, Christopher and Nance, Kara L and Hay, Brian},
  booktitle={Proceedings of the 10th Colloquium for Information Systems Security Education},
  volume={102},
  year={2006},
  organization={Citeseer}
}

@article{hieb2004anomaly,
  title={Anomaly based intrusion detection for network monitoring using a dynamic honeypot.},
  author={Hieb, Jeff},
  year={2004}
}

@article{garcia2009anomaly,
  title={Anomaly-based network intrusion detection: Techniques, systems and challenges},
  author={Garcia-Teodoro, Pedro and Diaz-Verdejo, J and Maci{\'a}-Fern{\'a}ndez, Gabriel and V{\'a}zquez, Enrique},
  journal={computers \& security},
  volume={28},
  number={1-2},
  pages={18--28},
  year={2009},
  publisher={Elsevier}
}

@article{stakhanova2007taxonomy,
  title={A taxonomy of intrusion response systems},
  author={Stakhanova, Natalia and Basu, Samik and Wong, Johnny},
  journal={International Journal of Information and Computer Security},
  volume={1},
  number={1-2},
  pages={169--184},
  year={2007},
  publisher={Inderscience Publishers}
}

@article{gupta2016framework,
  title={A framework for fast and efficient cyber security network intrusion detection using apache spark},
  author={Gupta, Govind P and Kulariya, Manish},
  journal={Procedia Computer Science},
  volume={93},
  pages={824--831},
  year={2016},
  publisher={Elsevier}
}

@article{hajamydeen2016unsupervised,
  title={An unsupervised heterogeneous log-based framework for anomaly detection},
  author={Hajamydeen, Asif Iqbal and Udzir, Nur Izura and Mahmod, Ramlan and GHANI, ABDUL AZIM ABDUL},
  journal={Turkish Journal of Electrical Engineering \& Computer Sciences},
  volume={24},
  number={3},
  pages={1117--1134},
  year={2016},
  publisher={The Scientific and Technological Research Council of Turkey}
}

@article{asif2011filtering,
  title={Filtering events using clustering in heterogeneous security logs},
  author={Asif-Iqbal, H and Udzir, Nur Izura and Mahmod, Ramlan and Ghani, Abdul Azim Abd},
  journal={Information Technology Journal},
  volume={10},
  number={4},
  pages={798--806},
  year={2011},
  publisher={Asian Network for Scientific Information, 308-Lasani Town Sargodha Rd Faislabad 38090 Pakistan}
}

@article{zeng2013cross,
  title={Cross-organizational collaborative workflow mining from a multi-source log},
  author={Zeng, Qingtian and Sun, Sherry X and Duan, Hua and Liu, Cong and Wang, Huaiqing},
  journal={Decision support systems},
  volume={54},
  number={3},
  pages={1280--1301},
  year={2013},
  publisher={Elsevier}
}

@phdthesis{dobson2018performance,
  title={Performance Evaluation of Machine Learning Algorithms in Apache Spark for Intrusion Detection},
  author={Dobson, Anthony M},
  year={2018},
  school={North Carolina Agricultural and Technical State University}
}

@article{resende2018survey,
  title={A Survey of Random Forest Based Methods for Intrusion Detection Systems},
  author={Resende, Paulo Angelo Alves and Drummond, Andr{\'e} Costa},
  journal={ACM Computing Surveys (CSUR)},
  volume={51},
  number={3},
  pages={48},
  year={2018},
  publisher={ACM}
}

@book{thevar2017effect,
  title={The Effect of K-Nearest Neighbors Classifier for Intrusion Detection of Streaming Net-Flows in Apache Spark Environment},
  author={Thevar, Muthukumar},
  year={2017},
  publisher={University of Maryland, Baltimore County}
}

@article{pierazzi2016exploratory,
  title={Exploratory security analytics for anomaly detection},
  author={Pierazzi, Fabio and Casolari, Sara and Colajanni, Michele and Marchetti, Mirco},
  journal={computers \& security},
  volume={56},
  pages={28--49},
  year={2016},
  publisher={Elsevier}
}

@misc{carver2016method,
  title={Method and system for automated incident response},
  author={Carver, Matthew and DiValentin, Louis William and Lefebvre, Michael L and Hovor, Elvis and Rozmiarek, David William},
  year={2016},
  month=jul # "~5",
  publisher={Google Patents},
  note={US Patent 9,386,041}
}

@inproceedings{yen2013beehive,
  title={Beehive: Large-scale log analysis for detecting suspicious activity in enterprise networks},
  author={Yen, Ting-Fang and Oprea, Alina and Onarlioglu, Kaan and Leetham, Todd and Robertson, William and Juels, Ari and Kirda, Engin},
  booktitle={Proceedings of the 29th Annual Computer Security Applications Conference},
  pages={199--208},
  year={2013},
  organization={ACM}
}

@inproceedings{ionita2015cyber,
  title={Cyber Incident Response Aided by Neural Networks and Visual Analytics},
  author={Ionita, Mihai-Gabriel and Patriciu, Victor-Valeriu},
  booktitle={Control Systems and Computer Science (CSCS), 2015 20th International Conference on},
  pages={229--233},
  year={2015},
  organization={IEEE}
}

@inproceedings{mishra2016big,
  title={Big data analytics for security and privacy challenges},
  author={Mishra, Aditya Dev and Singh, Youddha Beer},
  booktitle={Computing, Communication and Automation (ICCCA), 2016 International Conference on},
  pages={50--53},
  year={2016},
  organization={IEEE}
}

@article{hochberg1993nadir,
  title={NADIR: An automated system for detecting network intrusion and misuse},
  author={Hochberg, Judith and Jackson, Kathleen and Stallings, Cathy and McClary, JF and DuBois, David and Ford, Josephine},
  journal={Computers \& Security},
  volume={12},
  number={3},
  pages={235--248},
  year={1993},
  publisher={Elsevier}
}

@inproceedings{ko1994automated,
  title={Automated detection of vulnerabilities in privileged programs by execution monitoring},
  author={Ko, Calvin and Fink, George and Levitt, Karl},
  booktitle={Computer Security Applications Conference, 1994. Proceedings., 10th Annual},
  pages={134--144},
  year={1994},
  organization={IEEE}
}

@article{hofmeyr1998intrusion,
  title={Intrusion detection using sequences of system calls},
  author={Hofmeyr, Steven A and Forrest, Stephanie and Somayaji, Anil},
  journal={Journal of computer security},
  volume={6},
  number={3},
  pages={151--180},
  year={1998},
  publisher={IOS Press}
}

@inproceedings{lee1999data,
  title={A data mining framework for building intrusion detection models},
  author={Lee, Wenke and Stolfo, Salvatore J and Mok, Kui W},
  booktitle={Security and Privacy, 1999. Proceedings of the 1999 IEEE Symposium on},
  pages={120--132},
  year={1999},
  organization={IEEE}
}

@inproceedings{warrender1999detecting,
  title={Detecting intrusions using system calls: Alternative data models},
  author={Warrender, Christina and Forrest, Stephanie and Pearlmutter, Barak},
  booktitle={Proceedings of the 1999 IEEE symposium on security and privacy (Cat. No. 99CB36344)},
  pages={133--145},
  year={1999},
  organization={IEEE}
}

@article{mukherjee1994network,
  title={Network intrusion detection},
  author={Mukherjee, Biswanath and Heberlein, L Todd and Levitt, Karl N},
  journal={IEEE network},
  volume={8},
  number={3},
  pages={26--41},
  year={1994},
  publisher={IEEE}
}

@misc{haq2017advanced,
  title={Advanced persistent threat (APT) detection center},
  author={Haq, Thoufique and Zhai, Jinjian and Pidathala, Vinay K},
  year={2017},
  month=apr # "~18",
  publisher={Google Patents},
  note={US Patent 9,628,507}
}

@inproceedings{jasek2013apt,
  title={APT detection system using honeypots},
  author={Jasek, ROMAN and Kolarik, MARTIN and Vymola, TOMAS},
  booktitle={Proceedings of the 13th International Conference on Applied Informatics and Communications (AIC'13), WSEAS Press},
  pages={25--29},
  year={2013}
}

@inproceedings{saud2015towards,
  title={Towards proactive detection of advanced persistent threat (APT) attacks using honeypots},
  author={Saud, Zainab and Islam, M Hasan},
  booktitle={Proceedings of the 8th International Conference on Security of Information and Networks},
  pages={154--157},
  year={2015},
  organization={ACM}
}

@misc{thomas2016advanced,
  title={Advanced persistent threat detection},
  author={Thomas, Andrew J},
  year={2016},
  month=jul # "~12",
  publisher={Google Patents},
  note={US Patent 9,392,015}
}

@misc{thomas2017advanced,
  title={Advanced persistent threat detection},
  author={Thomas, Andrew J},
  year={2017},
  month=may # "~16",
  publisher={Google Patents},
  note={US Patent 9,654,489}
}

@article{tankard2011advanced,
  title={Advanced persistent threats and how to monitor and deter them},
  author={Tankard, Colin},
  journal={Network security},
  volume={2011},
  number={8},
  pages={16--19},
  year={2011},
  publisher={Elsevier}
}

@inproceedings{giura2012context,
  title={A context-based detection framework for advanced persistent threats},
  author={Giura, Paul and Wang, Wei},
  booktitle={Cyber Security (CyberSecurity), 2012 International Conference on},
  pages={69--74},
  year={2012},
  organization={IEEE}
}

@article{friedberg2015combating,
  title={Combating advanced persistent threats: From network event correlation to incident detection},
  author={Friedberg, Ivo and Skopik, Florian and Settanni, Giuseppe and Fiedler, Roman},
  journal={Computers \& Security},
  volume={48},
  pages={35--57},
  year={2015},
  publisher={Elsevier}
}

@inproceedings{vukalovic2015advanced,
  title={Advanced Persistent Threats-detection and defense},
  author={Vukalovi{\'c}, J and Delija, D},
  booktitle={Information and Communication Technology, Electronics and Microelectronics (MIPRO), 2015 38th International Convention on},
  pages={1324--1330},
  year={2015},
  organization={IEEE}
}

@misc{zuk2008detection,
  title={Detection of network security breaches based on analysis of network record logs},
  author={Zuk, Nir},
  year={2008},
  month=jan # "~29",
  publisher={Google Patents},
  note={US Patent 7,325,002}
}

@article{aydin2009hybrid,
  title={A hybrid intrusion detection system design for computer network security},
  author={Ayd{\i}n, M Ali and Zaim, A Halim and Ceylan, K G{\"o}khan},
  journal={Computers \& Electrical Engineering},
  volume={35},
  number={3},
  pages={517--526},
  year={2009},
  publisher={Elsevier}
}

@inproceedings{myers2011log,
  title={Log-based distributed security event detection using simple event correlator},
  author={Myers, Justin and Grimaila, Michael R and Mills, Robert F},
  booktitle={System Sciences (HICSS), 2011 44th Hawaii International Conference on},
  pages={1--7},
  year={2011},
  organization={IEEE}
}

@inproceedings{bethel2006accelerating,
  title={Accelerating network traffic analytics using query-driven visualization},
  author={Bethel, E Wes and Campbell, Scott and Dart, Eli and Stockinger, Kurt and Wu, Kesheng},
  booktitle={Visual Analytics Science And Technology, 2006 IEEE Symposium On},
  pages={115--122},
  year={2006},
  organization={IEEE}
}

@inproceedings{rosa2015comparative,
  title={A comparative study of correlation engines for security event management},
  author={Rosa, Lu{\'\i}s and Alves, Pedro and Cruz, Tiago and Sim{\~o}es, Paulo and Monteiro, Edmundo},
  booktitle={Iccws 2015-The Proceedings of the 10th International Conference on Cyber Warfare and Security: ICCWS2015},
  pages={277},
  year={2015},
  organization={Academic Conferences Limited}
}

@inproceedings{huang2012design,
  title={The design and implement of the centralized log gathering and analysis system},
  author={Huang, Jian-hua and Zhang, Man-qi and Jiang, Yuan-long},
  booktitle={Computer Science and Automation Engineering (CSAE), 2012 IEEE International Conference on},
  volume={2},
  pages={268--273},
  year={2012},
  organization={IEEE}
}

@article{coppolino2016framework,
  title={A framework for mastering heterogeneity in multi-layer security information and event correlation},
  author={Coppolino, Luigi and D'Antonio, Salvatore and Formicola, Valerio and Romano, Luigi},
  journal={Journal of Systems Architecture},
  volume={62},
  pages={78--88},
  year={2016},
  publisher={Elsevier}
}

@incollection{cerullo2016enabling,
  title={Enabling convergence of physical and logical security through intelligent event correlation},
  author={Cerullo, Gianfranco and Coppolino, Luigi and D’Antonio, Salvatore and Formicola, Valerio and Papale, Gaetano and Ragucci, Bruno},
  booktitle={Intelligent Distributed Computing IX},
  pages={427--437},
  year={2016},
  publisher={Springer}
}

@inproceedings{jia2017big,
  title={Big-data analysis of multi-source logs for anomaly detection on network-based system},
  author={Jia, Zhanpei and Shen, Chao and Yi, Xiao and Chen, Yufei and Yu, Tianwen and Guan, Xiaohong},
  booktitle={Automation Science and Engineering (CASE), 2017 13th IEEE Conference on},
  pages={1136--1141},
  year={2017},
  organization={IEEE}
}

@article{han2014study,
  title={A Study on implementation model for security log analysis system using Big Data platform},
  author={Han, Ki-hyoung and Jeong, Hyung-Jong and Lee, Doog-Sik and Chae, Myung-Hui and Yoon, Cheol-Hee and Noh, Kyoo-Sung},
  journal={Journal of Digital Convergence},
  volume={12},
  number={8},
  pages={351--359},
  year={2014},
  publisher={The Society of Digital Policy and Management}
}

@article{kotenko2012attack,
  title={Attack modeling and security evaluation in SIEM systems},
  author={Kotenko, Igor and Chechulin, Andrey},
  journal={International Transactions on Systems Science and Applications},
  volume={8},
  pages={129--147},
  year={2012}
}

@inproceedings{kotenko2012common,
  title={Common framework for attack modeling and security evaluation in siem systems},
  author={Kotenko, Igor and Chechulin, Andrey},
  booktitle={Green Computing and Communications (GreenCom), 2012 IEEE international conference on},
  pages={94--101},
  year={2012},
  organization={IEEE}
}

@article{cardenas2013big,
  title={Big data analytics for security},
  author={Cardenas, Alvaro A and Manadhata, Pratyusa K and Rajan, Sreeranga P},
  journal={IEEE Security \& Privacy},
  volume={11},
  number={6},
  pages={74--76},
  year={2013},
  publisher={IEEE}
}

@book{miller2011security,
  title={Security information and event management (SIEM) implementation},
  author={Miller, David and others},
  year={2011},
  publisher={McGraw-Hill,}
}

@article{tankard2012big,
  title={Big data security},
  author={Tankard, Colin},
  journal={Network security},
  volume={2012},
  number={7},
  pages={5--8},
  year={2012},
  publisher={Elsevier}
}

@inproceedings{gabriel2009analyzing,
  title={Analyzing malware log data to support security information and event management: Some research results},
  author={Gabriel, Roland and Hoppe, Tobias and Pastwa, Alexander and Sowa, Sebastian},
  booktitle={2009 First International Conference on Advances in Databases, Knowledge, and Data Applications},
  pages={108--113},
  year={2009},
  organization={IEEE}
}

@inproceedings{novikova2013analytical,
  title={Analytical visualization techniques for security information and event management},
  author={Novikova, Evgenia and Kotenko, Igor},
  booktitle={Parallel, Distributed and Network-Based Processing (PDP), 2013 21st Euromicro International Conference on},
  pages={519--525},
  year={2013},
  organization={IEEE}
}

@article{abraham2014cyber,
  title={Cyber security analytics: a stochastic model for security quantification using absorbing markov chains},
  author={Abraham, Subil and Nair, Suku},
  journal={Journal of Communications},
  volume={9},
  number={12},
  pages={899--907},
  year={2014}
}

@inproceedings{bhatti2012emerging,
  title={Emerging trends around big data analytics and security: Panel},
  author={Bhatti, Rafae and LaSalle, Ryan and Bird, Rob and Grance, Tim and Bertino, Elisa},
  booktitle={Proceedings of the 17th ACM symposium on Access Control Models and Technologies},
  pages={67--68},
  year={2012},
  organization={ACM}
}

@article{abraham2015predictive,
  title={A predictive framework for cyber security analytics using attack graphs},
  author={Abraham, Subil and Nair, Suku},
  journal={arXiv preprint arXiv:1502.01240},
  year={2015}
}

@inproceedings{marchetti2016countering,
  title={Countering Advanced Persistent Threats through security intelligence and big data analytics},
  author={Marchetti, Mirco and Pierazzi, Fabio and Guido, Alessandro and Colajanni, Michele},
  booktitle={Cyber Conflict (CyCon), 2016 8th International Conference on},
  pages={243--261},
  year={2016},
  organization={IEEE}
}

@incollection{grahn2017analytics,
  title={Analytics for network security: A survey and taxonomy},
  author={Grahn, Kaj and Westerlund, Magnus and Pulkkis, G{\"o}ran},
  booktitle={Information fusion for cyber-security analytics},
  pages={175--193},
  year={2017},
  publisher={Springer}
}

@article{sharma2017security,
  title={Security Analytics: Challenges and Future Directions},
  author={Sharma, Ganga and Tyagi, Bhawana},
  journal={IITM Journal of Management and IT},
  volume={8},
  number={1},
  pages={37--41},
  year={2017},
  publisher={Institute of Information Technology and Management}
}

@inproceedings{verma2018security,
  title={Security Analytics: Adapting Data Science for Security Challenges},
  author={Verma, Rakesh},
  booktitle={Proceedings of the Fourth ACM International Workshop on Security and Privacy Analytics},
  pages={40--41},
  year={2018},
  organization={ACM}
}

@article{ben2015effects,
  title={Effects of cyber security knowledge on attack detection},
  author={Ben-Asher, Noam and Gonzalez, Cleotilde},
  journal={Computers in Human Behavior},
  volume={48},
  pages={51--61},
  year={2015},
  publisher={Elsevier}
}

@misc{batsell2005distributed,
  title={Distributed intrusion detection and attack containment for organizational cyber security},
  author={Batsell, Stephen G and Rao, Nageswara S and Shankar, Mallikarjun},
  journal={2006]. http://www. ioc. ornl. gov/projects/documents/containment. pdf},
  year={2005}
}

@article{pasqualetti2013attack,
  title={Attack detection and identification in cyber-physical systems},
  author={Pasqualetti, Fabio and D{\"o}rfler, Florian and Bullo, Francesco},
  journal={IEEE Transactions on Automatic Control},
  volume={58},
  number={11},
  pages={2715--2729},
  year={2013},
  publisher={IEEE}
}

@article{ten2010cybersecurity,
  title={Cybersecurity for critical infrastructures: Attack and defense modeling},
  author={Ten, Chee-Wooi and Manimaran, Govindarasu and Liu, Chen-Ching},
  journal={IEEE Transactions on Systems, Man, and Cybernetics-Part A: Systems and Humans},
  volume={40},
  number={4},
  pages={853--865},
  year={2010},
  publisher={IEEE}
}

@book{adams2014data,
  title={Data analysis for network cyber-security},
  author={Adams, Niall and Heard, Nicholas and Adams, Niall and Heard, Nicholas},
  year={2014},
  publisher={World Scientific Publishing Co., Inc.}
}

@inproceedings{roy2010cyber,
  title={Cyber security analysis using attack countermeasure trees},
  author={Roy, Arpan and Kim, Dong Seong and Trivedi, Kishor S},
  booktitle={Proceedings of the Sixth Annual Workshop on Cyber Security and Information Intelligence Research},
  pages={28},
  year={2010},
  organization={ACM}
}

@book{dua2016data,
  title={Data mining and machine learning in cybersecurity},
  author={Dua, Sumeet and Du, Xian},
  year={2016},
  publisher={Auerbach Publications}
}

@inproceedings{thuraisingham2009data,
  title={Data mining for malicious code detection and security applications},
  author={Thuraisingham, Bhavani},
  booktitle={Proceedings of the 2009 IEEE/WIC/ACM International Joint Conference on Web Intelligence and Intelligent Agent Technology-Volume 02},
  pages={6--7},
  year={2009},
  organization={IEEE Computer Society}
}

@misc{amini2015adaptive,
  title={Adaptive cyber-security analytics},
  author={Amini, Lisa and Christodorescu, Mihai and Cohen, Mitchell A and Parthasarathy, Srinivasan and Rao, Josyula and Sailer, Reiner and Schales, Douglas L and Venema, Wietse Z and Verscheure, Oliver},
  year={2015},
  month=may # "~12",
  publisher={Google Patents},
  note={US Patent 9,032,521}
}

@article{ye2004robustness,
  title={Robustness of the Markov-chain model for cyber-attack detection},
  author={Ye, Nong and Zhang, Yebin and Borror, Connie M},
  journal={IEEE Transactions on Reliability},
  volume={53},
  number={1},
  pages={116--123},
  year={2004},
  publisher={IEEE}
}

@article{raiyn2014survey,
  title={A survey of cyber attack detection strategies},
  author={Raiyn, Jamal and others},
  journal={International Journal of Security and Its Applications},
  volume={8},
  number={1},
  pages={247--256},
  year={2014}
}

@misc{horne2002management,
  title={Management of log archival and reporting for data network security systems},
  author={Horne, Donald},
  year={2002},
  month=sep # "~26",
  publisher={Google Patents},
  note={US Patent App. 09/996,671}
}

@misc{huang2015storing,
  title={Storing log data efficiently while supporting querying to assist in computer network security},
  author={Huang, Wei and Tang, Wenting and Beedgen, Christian F},
  year={2015},
  month=may # "~12",
  publisher={Google Patents},
  note={US Patent 9,031,916}
}

@inproceedings{vaccaro1989detection,
  title={Detection of anomalous computer session activity},
  author={Vaccaro, MS and Liepins, Gunar E},
  booktitle={null},
  pages={280},
  year={1989},
  organization={IEEE}
}

@book{mena2003investigative,
  title={Investigative data mining for security and criminal detection},
  author={Mena, Jesus},
  year={2003},
  publisher={Butterworth-Heinemann}
}

@inproceedings{abad2003log,
  title={Log correlation for intrusion detection: A proof of concept},
  author={Abad, Cristina and Taylor, Jed and Sengul, Cigdem and Yurcik, William and Zhou, Yuanyuan and Rowe, Ken},
  booktitle={Computer Security Applications Conference, 2003. Proceedings. 19th Annual},
  pages={255--264},
  year={2003},
  organization={IEEE}
}

@article{zargar2013survey,
  title={A survey of defense mechanisms against distributed denial of service (DDoS) flooding attacks},
  author={Zargar, Saman Taghavi and Joshi, James and Tipper, David},
  journal={IEEE communications surveys \& tutorials},
  volume={15},
  number={4},
  pages={2046--2069},
  year={2013},
  publisher={IEEE}
}

@article{singh2014big,
  title={Big data analytics framework for peer-to-peer botnet detection using random forests},
  author={Singh, Kamaldeep and Guntuku, Sharath Chandra and Thakur, Abhishek and Hota, Chittaranjan},
  journal={Information Sciences},
  volume={278},
  pages={488--497},
  year={2014},
  publisher={Elsevier}
}

@inproceedings{mahmood2013security,
  title={Security analytics: Big data analytics for cybersecurity: A review of trends, techniques and tools},
  author={Mahmood, Tariq and Afzal, Uzma},
  booktitle={Information assurance (ncia), 2013 2nd national conference on},
  pages={129--134},
  year={2013},
  organization={IEEE}
}

@article{nikos2014big,
  title={Big Data analytics for sophisticated attack detection},
  author={Nikos Virvilis, CISA and CISSP, GPEN and Oscar Serrano, CISA and CISM, CISSP and others},
  year={2014}
}

@inproceedings{wu2017detecting,
  title={Detecting remote access trojans through external control at area network borders},
  author={Wu, Shuang and Liu, Shengli and Lin, Wei and Zhao, Xing and Chen, Shi},
  booktitle={Proceedings of the Symposium on Architectures for Networking and Communications Systems},
  pages={131--141},
  year={2017},
  organization={IEEE Press}
}

@inproceedings{awad2017network,
  title={A network-based framework for RAT-bots detection},
  author={Awad, Ahmed A and Sayed, Samir G and Salem, Sameh A},
  booktitle={Information Technology, Electronics and Mobile Communication Conference (IEMCON), 2017 8th IEEE Annual},
  pages={128--133},
  year={2017},
  organization={IEEE}
}

@inproceedings{gautam2018ensemble,
  title={An Ensemble Approach for Intrusion Detection System Using Machine Learning Algorithms},
  author={Gautam, Rohit Kumar Singh and Doegar, Er Amit},
  booktitle={2018 8th International Conference on Cloud Computing, Data Science \& Engineering (Confluence)},
  pages={14--15},
  year={2018},
  organization={IEEE}
}

@incollection{park2016network,
  title={Network anomaly detection based on probabilistic analysis},
  author={Park, JinSoo and Choi, Dong Hag and Jeon, You-Boo and Min, Se Dong and Park, Doo-Soon},
  booktitle={Advances in Computer Science and Ubiquitous Computing},
  pages={699--704},
  year={2016},
  publisher={Springer}
}

@inproceedings{chen2014study,
  title={A study on advanced persistent threats},
  author={Chen, Ping and Desmet, Lieven and Huygens, Christophe},
  booktitle={IFIP International Conference on Communications and Multimedia Security},
  pages={63--72},
  year={2014},
  organization={Springer}
}

@article{gupta2014big,
  title={Big data analytics with hadoop to analyze targeted attacks on enterprise data},
  author={Gupta, Bhawna and Jyoti, Kiran},
  journal={(IJCSIT) International Journal of Computer Science and Information Technologies},
  volume={5},
  number={3},
  pages={3867--3870},
  year={2014}
}

@article{verma2015security,
  title={Security analytics: essential data analytics knowledge for cybersecurity professionals and students},
  author={Verma, Rakesh and Kantarcioglu, Murat and Marchette, David and Leiss, Ernst and Solorio, Thamar},
  journal={IEEE Security \& Privacy},
  number={6},
  pages={60--65},
  year={2015},
  publisher={IEEE}
}

@inproceedings{bhatt2014towards,
  title={Towards a framework to detect multi-stage advanced persistent threats attacks},
  author={Bhatt, Parth and Yano, Edgar Toshiro and Gustavsson, Per},
  booktitle={Service Oriented System Engineering (SOSE), 2014 IEEE 8th International Symposium on},
  pages={390--395},
  year={2014},
  organization={IEEE}
}

@article{buczak2016survey,
  title={A survey of data mining and machine learning methods for cyber security intrusion detection},
  author={Buczak, Anna L and Guven, Erhan},
  journal={IEEE Communications Surveys \& Tutorials},
  volume={18},
  number={2},
  pages={1153--1176},
  year={2016},
  publisher={IEEE}
}

@article{marchetti2016analysis,
  title={Analysis of high volumes of network traffic for Advanced Persistent Threat detection},
  author={Marchetti, Mirco and Pierazzi, Fabio and Colajanni, Michele and Guido, Alessandro},
  journal={Computer Networks},
  volume={109},
  pages={127--141},
  year={2016},
  publisher={Elsevier}
}

@inproceedings{chandran2015efficient,
  title={An efficient classification model for detecting advanced persistent threat},
  author={Chandran, Saranya and Hrudya, P and Poornachandran, Prabaharan},
  booktitle={Advances in Computing, Communications and Informatics (ICACCI), 2015 International Conference on},
  pages={2001--2009},
  year={2015},
  organization={IEEE}
}